<?xml version="1.0" encoding="UTF-8"?><record xmlns="http://www.loc.gov/MARC21/slim" xmlns:cinclude="http://apache.org/cocoon/include/1.0" xmlns:zs="http://www.loc.gov/zing/srw/">
  <leader>00464cz  a2200133n  4500</leader>
  <controlfield tag="001">n  82092506 </controlfield>
  <controlfield tag="003">DLC</controlfield>
  <controlfield tag="005">20130315084504.0</controlfield>
  <controlfield tag="008">820713n| azannaab           |n aaa      </controlfield>
  <datafield tag="010" ind1=" " ind2=" ">
    <subfield code="a">n  82092506 </subfield>
  </datafield>
  <datafield tag="040" ind1=" " ind2=" ">
    <subfield code="a">DLC</subfield>
    <subfield code="b">eng</subfield>
    <subfield code="e">rda</subfield>
    <subfield code="c">DLC</subfield>
    <subfield code="d">DLC</subfield>
  </datafield>
  <datafield tag="100" ind1="1" ind2=" ">
    <subfield code="a">White, William C.,</subfield>
    <subfield code="c">Jr.</subfield>
  </datafield>
  <datafield tag="670" ind1=" " ind2=" ">
    <subfield code="a">White, M. B. The people pleasers, c1983 (a.e.)</subfield>
    <subfield code="b">CIP t.p. (William C. White, Jr., Ph.D.)</subfield>
  </datafield>
  <datafield tag="670" ind1=" " ind2=" ">
    <subfield code="a">Bulimia/anorexia, 2000:</subfield>
    <subfield code="b">CIP t.p. (William C. White, Jr., Ph.D.) data sheet (d. 1998)</subfield>
  </datafield>
</record>